<?xml version="1.0" encoding="UTF-8"?><collection xmlns="http://www.loc.gov/MARC21/slim"><record><leader>00640nam--2200193-i-4500</leader><controlfield tag="001">000017348</controlfield><controlfield tag="002">20161230</controlfield><controlfield tag="005">20161230201032</controlfield><controlfield tag="008">060222s1000------------r-----000-0-eng-d</controlfield><datafield ind1=" " ind2=" " tag="040"><subfield code="a">IFIN-HH</subfield></datafield><datafield ind1=" " ind2=" " tag="080"><subfield code="a">539.17(061.3)</subfield></datafield><datafield ind1="1" ind2=" " tag="100"><subfield code="a">Gadioli, G</subfield></datafield><datafield ind1="1" ind2="0" tag="245"><subfield code="a">Proceedings of the 8th international conference on nuclear reaction mechanisms</subfield><subfield code="b">Villa monastero, varenna, june 9th-14th, 1997</subfield><subfield code="c">G. GADIOLI (Ed.)</subfield></datafield><datafield ind1=" " ind2=" " tag="260"><subfield code="a">Milano</subfield><subfield code="b">Universita</subfield><subfield code="c">1997</subfield></datafield><datafield ind1=" " ind2=" " tag="300"><subfield code="a">XXIX + 739 P</subfield></datafield><datafield ind1=" " ind2=" " tag="490"><subfield code="a">Ricerca Scientifica Ed Educazione Permanente</subfield><subfield code="v">Supplemento 111</subfield></datafield><datafield ind1=" " ind2=" " tag="650"><subfield code="a">Nuclear Reactions</subfield></datafield><datafield ind1=" " ind2=" " tag="852"><subfield code="a">80869</subfield><subfield code="c">539.17</subfield></datafield><datafield ind1=" " ind2=" " tag="CAT"><subfield code="a">Sys</subfield><subfield code="c">20120628</subfield><subfield code="h">171115</subfield></datafield></record></collection>